<record><leader>00000cas a2200000 i 4500</leader><controlfield tag="001">3766522</controlfield><controlfield tag="008">780331d18251829nyuwr ne      0    0eng c</controlfield><datafield ind1=" " ind2=" " tag="010"><subfield code="a">sn 84035849 </subfield></datafield><datafield ind1=" " ind2=" " tag="040"><subfield code="a">ZEM</subfield><subfield code="b">eng</subfield><subfield code="e">rda</subfield><subfield code="c">ZEM</subfield><subfield code="d">NYG</subfield><subfield code="d">NPX</subfield><subfield code="d">NYS</subfield><subfield code="d">OCL</subfield><subfield code="d">KRTAS</subfield><subfield code="d">OCLCF</subfield><subfield code="d">OCLCO</subfield><subfield code="d">IUL</subfield></datafield><datafield ind1=" " ind2=" " tag="042"><subfield code="a">pcc</subfield></datafield><datafield ind1=" " ind2=" " tag="043"><subfield code="a">n-us-ny</subfield></datafield><datafield ind1="0" ind2="4" tag="245"><subfield code="a">The Geneva gazette, and general advertiser.</subfield></datafield><datafield ind1="0" ind2="3" tag="246"><subfield code="a">Geneva gazette</subfield></datafield><datafield ind1=" " ind2="1" tag="264"><subfield code="a">Geneva, Ontario County, N.Y. :</subfield><subfield code="b">James Bogert,</subfield><subfield code="c">1825-1829.</subfield></datafield><datafield ind1=" " ind2=" " tag="300"><subfield code="a">4 volumes :</subfield><subfield code="b">illustrations ;</subfield><subfield code="c">51 cm</subfield></datafield><datafield ind1=" " ind2=" " tag="310"><subfield code="a">Weekly</subfield></datafield><datafield ind1=" " ind2=" " tag="336"><subfield code="a">text</subfield><subfield code="b">txt</subfield><subfield code="2">rdacontent</subfield></datafield><datafield ind1=" " ind2=" " tag="337"><subfield code="a">unmediated</subfield><subfield code="b">n</subfield><subfield code="2">rdamedia</subfield></datafield><datafield ind1=" " ind2=" " tag="338"><subfield code="a">volume</subfield><subfield code="b">nc</subfield><subfield code="2">rdacarrier</subfield></datafield><datafield ind1="0" ind2=" " tag="362"><subfield code="a">Vol. XVII, no. 16 (September 14, 1825)-vol. XXI, no. 4 (July 1, 1829) = whole number 848-whole no. 1046.</subfield></datafield><datafield ind1=" " ind2=" " tag="500"><subfield code="a">Printer: Erastus Shepard, &lt;1828&gt;.</subfield></datafield><datafield ind1=" " ind2="0" tag="651"><subfield code="a">Geneva (N.Y.)</subfield><subfield code="v">Newspapers.</subfield></datafield><datafield ind1=" " ind2="0" tag="651"><subfield code="a">Ontario County (N.Y.)</subfield><subfield code="v">Newspapers.</subfield></datafield><datafield ind1=" " ind2="7" tag="651"><subfield code="a">New York (State)</subfield><subfield code="z">Geneva.</subfield><subfield code="2">fast</subfield><subfield code="0">(OCoLC)fst01202948</subfield></datafield><datafield ind1=" " ind2="7" tag="651"><subfield code="a">New York (State)</subfield><subfield code="z">Ontario County.</subfield><subfield code="2">fast</subfield><subfield code="0">(OCoLC)fst01209099</subfield></datafield><datafield ind1=" " ind2="7" tag="655"><subfield code="a">Newspapers.</subfield><subfield code="2">fast</subfield><subfield code="0">(OCoLC)fst01423814</subfield></datafield><datafield ind1="1" ind2=" " tag="700"><subfield code="a">Bogert, James,</subfield><subfield code="d">1786-1862,</subfield><subfield code="e">publisher.</subfield></datafield><datafield ind1=" " ind2=" " tag="752"><subfield code="a">United States</subfield><subfield code="b">New York</subfield><subfield code="c">Ontario</subfield><subfield code="d">Geneva.</subfield></datafield><datafield ind1="0" ind2="0" tag="780"><subfield code="t">Geneva gazette (Geneva, N.Y. : 1809)</subfield><subfield code="w">(DLC)sn 83031109</subfield><subfield code="w">(OCoLC)3763702</subfield></datafield><datafield ind1="0" ind2="0" tag="785"><subfield code="t">Geneva gazette, and mercantile advertiser</subfield><subfield code="w">(DLC)sn 83031114</subfield><subfield code="w">(OCoLC)3777534</subfield></datafield><datafield ind1="4" ind2="1" tag="856"><subfield code="u">https://news.google.com/newspapers?nid=rZ6lE9DvW78C&amp;hl=en</subfield></datafield><datafield ind1=" " ind2=" " tag="938"><subfield code="a">Kirtas Technologies, Inc.</subfield><subfield code="b">KRTS</subfield><subfield code="n">735786</subfield></datafield></record>